@article{CDLOD,
	title={Continuous distance-dependent level of detail for rendering
		heightmaps},
	author={Strugar, Filip},
	journal={Journal of graphics, GPU, and game tools},
	volume={14},
	number={4},
	pages={57--74},
	year={2009},
	publisher={Taylor \& Francis}
}
 
@article{fernando2001gpu,
	title={GPU gems: programming techniques, tips, and tricks for
		real-time graphics},
	author={Fernando, Randima and Haines, Eric and Sweeney, Tim},
	journal={Dimensions},
	volume={7},
	number={4},
	pages={816},
	year={2001}
}

@misc{libnoise,
	title={libnoise},
	author = {Jason Bevins},
	howpublished={\url{http://libnoise.sourceforge.net/}},
	year={2007}
}

